% This file was created with JabRef 2.10.
% Encoding: UTF-8


@Article{cite00,
  Title                    = {example},
  Author                   = {example},
  Journal                  = {example},

  Owner                    = {petersontylerd},
  Timestamp                = {2017.11.13}
}

