% This file was created with JabRef 2.10.
% Encoding: UTF-8


@Article{editor00,
  Title                    = {The patent holder's dilemma: Buy, sell, or troll?},
  Author                   = {Patricia S. Abril and Robert Plant},
  Journal                  = {Communications of the ACM},
  Year                     = {2007},

  Month                    = jan,
  Number                   = {1},
  Pages                    = {36--44},
  Volume                   = {50},

  Doi                      = {10.1145/1188913.1188915},
  Url                      = {http://doi.acm.org/10.1145/1219092.1219093}
}

