% This file was created with JabRef 2.10.
% Encoding: UTF-8


@Misc{editor09,
  Title                    = {Can Technology Transform Chronic Disease Management?},

  Author                   = {Linda Brookes},
  HowPublished             = {Online},
  Month                    = {April},
  Year                     = {2017},

  Organization             = {Medical news Today},
  Owner                    = {petersontylerd},
  Timestamp                = {2017.10.08},
  Url                      = {https://www.medicalnewstoday.com/articles/317016.php}
}

@Misc{editor15,
  Title                    = {Adoption of Electronic Health Record Systems Among U.S. Non-Federal Acute Care Hospitals: 2008-2015},

  Author                   = {JaWanna Henry and Yuriy Pylypchuk and Talisha Searcy and Vaishali Patel},
  HowPublished             = {Online},
  Month                    = {May},
  Year                     = {2016},

  Organization             = {The Office Of The National Coordinator For Health Information Technology},
  Owner                    = {petersontylerd},
  Timestamp                = {2017.10.08},
  Url                      = {https://dashboard.healthit.gov/evaluations/data-briefs/non-federal-acute-care-hospital-ehr-adoption-2008-2015.php}
}

@Article{editor10,
  Title                    = {Do Mobile Phone Applications Improve Glycemic Control (HbA1c) in the Self-management of Diabetes? A Systematic Review, Meta-analysis, and GRADE of 14 Randomized Trials},
  Author                   = {Can Hou and Ben Carter and Jonathan Hewitt and Trevor Francisa and Sharon Mayor},
  Journal                  = {Diabetes Care},
  Year                     = {2016},

  Month                    = {November},
  Number                   = {11},
  Pages                    = {2089-2095},
  Volume                   = {39},

  Owner                    = {petersontylerd},
  Timestamp                = {2017.10.08},
  Url                      = {http://care.diabetesjournals.org/content/39/11/2089}
}

@Misc{editor06,
  Title                    = {U.S. Health System is Performing Better, Though Still Lagging Behind Other Countries},

  Author                   = {Rabah Kamal and Cynthia Cox},
  HowPublished             = {Online},
  Month                    = {May},
  Year                     = {2017},

  Organization             = {Kaiser Family Foundation},
  Owner                    = {petersontylerd},
  Timestamp                = {2017.10.08},
  Url                      = {https://www.healthsystemtracker.org/brief/u-s-health-system-performing-better-though-still-lagging-behind-countries/#item-start}
}

@Article{editor01,
  Title                    = {National Health Spending: Faster Growth In 2015 As Coverage Expands And Utilization Increases},
  Author                   = {Anne B. Martin and Micah Hartman and Benjamin Washington and Aaron Catlin and National Health Expenditure Accounts Team},
  Journal                  = {Health Affairs},
  Year                     = {2017},
  Number                   = {No. 1},
  Pages                    = {166-176},
  Volume                   = {36},

  Owner                    = {petersontylerd},
  Timestamp                = {2017.10.08},
  Url                      = {http://content.healthaffairs.org/content/36/1/166}
}

@Article{editor11,
  Title                    = {From Sick Care to Health Care - Reengineering Prevention Into The U.S. System},
  Author                   = {Farshad Fani Marvasti and Randall S. Stafford},
  Journal                  = {The New England Journal of Medicine},
  Year                     = {2012},

  Month                    = {September},
  Number                   = {10},
  Pages                    = {889-891},
  Volume                   = {367},

  Owner                    = {petersontylerd},
  Timestamp                = {2017.10.08},
  Url                      = {http://www.nejm.org/doi/full/10.1056/NEJMp1206230#t=article}
}

@Misc{editor14,
  Title                    = {How Big Data Is Reducing Costs And Improving Outcomes In Health Care},

  Author                   = {Carol McDonald},
  HowPublished             = {Online},
  Month                    = {June},
  Year                     = {2016},

  Organization             = {MapR Data Technologies},
  Owner                    = {petersontylerd},
  Timestamp                = {2017.10.08},
  Url                      = {https://mapr.com/blog/reduce-costs-and-improve-health-care-with-big-data/}
}

@Misc{editor03,
  Title                    = {New Accountable Care Organization Model Opportunity: Medicare ACO Track 1+ Model},

  Author                   = {Centers for Medicare and Medicaid Services},
  HowPublished             = {Online},
  Month                    = {July},
  Year                     = {2017},

  Organization             = {Department of Health and Human Services},
  Owner                    = {petersontylerd},
  Timestamp                = {2017.10.08},
  Url                      = {https://www.cms.gov/Medicare/Medicare-Fee-for-Service-Payment/sharedsavingsprogram/Downloads/New-Accountable-Care-Organization-Model-Opportunity-Fact-Sheet.pdf}
}

@Misc{editor04,
  Title                    = {Accountable Care Organization 2017 Quality Measure Narrative Specifications},

  Author                   = {Centers for Medicare and Medicaid Services},
  HowPublished             = {Online},
  Month                    = {January},
  Year                     = {2017},

  Organization             = {Centers for Medicare and Medicaid Services},
  Owner                    = {petersontylerd},
  Timestamp                = {2017.10.08},
  Url                      = {https://www.cms.gov/Medicare/Medicare-Fee-for-Service-Payment/sharedsavingsprogram/Downloads/2017-Reporting-Year-Narrative-Specifications.pdf}
}

@Misc{editor07,
  Title                    = {Medicare Share Savings Program Quality Measure Benchmarks for 2016 and 2017 Reporting Years},

  Author                   = {Center for Medicare and Medicaid Services},
  HowPublished             = {Online},
  Month                    = {December},
  Year                     = {2017},

  Organization             = {Department of Health and Human Services},
  Owner                    = {petersontylerd},
  Timestamp                = {2017.10.08},
  Url                      = {https://www.cms.gov/Medicare/Medicare-Fee-for-Service-Payment/sharedsavingsprogram/Downloads/MSSP-QM-Benchmarks-2016.pdf}
}

@Article{editor02,
  Title                    = {From Volume To Value: Better Ways To Pay For Health Care},
  Author                   = {Harold D. Miller},
  Journal                  = {Health Affairs},
  Year                     = {2009},
  Number                   = {5},
  Pages                    = {1418-1428},
  Volume                   = {28},

  Owner                    = {petersontylerd},
  Timestamp                = {2017.10.08},
  Url                      = {http://content.healthaffairs.org/content/28/5/1418.abstract}
}

@Misc{editor13,
  Title                    = {How Hadoop Supports Healthcare Data Analytics Infrastructure},

  Author                   = {Elizabeth O'Dowd},
  HowPublished             = {Online},
  Month                    = {October},
  Year                     = {2016},

  Organization             = {HIT Infrastructure},
  Owner                    = {petersontylerd},
  Timestamp                = {2017.10.08},
  Url                      = {https://hitinfrastructure.com/news/how-hadoop-supports-healthcare-data-analytics-infrastructure}
}

@Article{editor12,
  Title                    = {Big Data Analytics In Healthcare: Promise And Potential},
  Author                   = {Wullianallur Raghupathi and Viju Raghupathi},
  Journal                  = {Health Information Science and Systems},
  Year                     = {2014},
  Number                   = {3},
  Pages                    = {1-10},
  Volume                   = {2},

  Owner                    = {petersontylerd},
  Timestamp                = {2017.10.08},
  Url                      = {https://www.biomedcentral.com/track/pdf/10.1186/2047-2501-2-3?site=hissjournal.biomedcentral.com}
}

@Misc{editor05,
  Title                    = {Medicare's Readmission Penalties Hit New High},

  Author                   = {Jordan Rau},
  HowPublished             = {Online},
  Month                    = {August},
  Year                     = {2016},

  Organization             = {Kaiser Health News},
  Owner                    = {petersontylerd},
  Timestamp                = {2017.10.08},
  Url                      = {https://khn.org/news/more-than-half-of-hospitals-to-be-penalized-for-excess-readmissions/amp/}
}

@Proceedings{editor08,
  Title                    = {Predictive Modeling of Hospital Readmission Rates Using Electronic Medical Record-Wide Machine Learning: A Case-Study Using Mount Sinai Heart Failure Cohort},
  Year                     = {2016},
  Editor                   = {Pacific Symposium on Biocomputing},
  Month                    = {November},
  Organization             = {Pacific Symposium on Biocomputing},
  Volume                   = {22},

  Owner                    = {petersontylerd},
  Timestamp                = {2017.10.08},
  Url                      = {https://www.ncbi.nlm.nih.gov/pubmed/27896982}
}

